<collection xmlns="http://www.loc.gov/MARC21/slim">
<record>
  <leader>07051nam0a2201069 i 450 </leader>
  <controlfield tag="001">IT\ICCU\CNCE\000686</controlfield>
  <controlfield tag="005">20180611000000.0</controlfield>
  <datafield tag="012" ind1=" " ind2=" ">
    <subfield code="a">riti 8281 ilia dale (3) 1551 (R)</subfield>
    <subfield code="2">fei</subfield>
  </datafield>
  <datafield tag="100" ind1=" " ind2=" ">
    <subfield code="a">19970101d1551        0itac0103    ba</subfield>
  </datafield>
  <datafield tag="101" ind1=" " ind2=" ">
    <subfield code="a">ITA</subfield>
  </datafield>
  <datafield tag="102" ind1=" " ind2=" ">
    <subfield code="a">IT</subfield>
  </datafield>
  <datafield tag="200" ind1="1" ind2=" ">
    <subfield code="a">Descrittione di tutta Italia di f. Leandro Alberti bolognese, nella quale si contiene il sito di essa, l&apos;origine, et le signorie delle citt,̉ et delle castella, co i nomi antichi, &amp; moderni, i costumi de popoli, le conditioni de paesi. Et piu gli huominifamosi che l&apos;hanno illustrata, i monti, i laghi, i fiumi, le fontane, i bagni, le minere, con tutte l&apos;opre marauigliose in lei dalla natura prodotte</subfield>
  </datafield>
  <datafield tag="210" ind1=" " ind2=" ">
    <subfield code="a">In Vinegia</subfield>
    <subfield code="c">appresso Pietro de i Nicolini da Sabbio</subfield>
    <subfield code="d">1551</subfield>
    <subfield code="e">In Vinegia</subfield>
    <subfield code="g">per Pietro</subfield>
    <subfield code="h">&amp; Giouan Maria fratelli de i Niccolini da Sabio</subfield>
    <subfield code="h">1551 del mese di maggio</subfield>
  </datafield>
  <datafield tag="215" ind1=" " ind2=" ">
    <subfield code="a">\38!, 424 c.</subfield>
    <subfield code="c">ill.</subfield>
    <subfield code="d">4ʻ</subfield>
  </datafield>
  <datafield tag="620" ind1=" " ind2=" ">
    <subfield code="a">IT</subfield>
    <subfield code="d">Venezia</subfield>
  </datafield>
  <datafield tag="700" ind1=" " ind2="1">
    <subfield code="a">Alberti,</subfield>
    <subfield code="b">Leandro</subfield>
    <subfield code="3">IT\ICCU\CNCA\000541</subfield>
  </datafield>
  <datafield tag="712" ind1="0" ind2="0">
    <subfield code="a">Nicolini da Sabbio, Pietro</subfield>
    <subfield code="3">IT\ICCU\CNCT\000059</subfield>
    <subfield code="4">650</subfield>
  </datafield>
  <datafield tag="712" ind1="0" ind2="0">
    <subfield code="a">Nicolini da Sabbio, Pietro &amp; Nicolini da Sabbio, Giovanni Maria</subfield>
    <subfield code="3">IT\ICCU\CNCT\000355</subfield>
    <subfield code="4">650</subfield>
  </datafield>
  <datafield tag="791" ind1="0" ind2="0">
    <subfield code="a">Nicolini, Pietro</subfield>
    <subfield code="3">IT\ICCU\CNCT\005122</subfield>
    <subfield code="z">Nicolini da Sabbio, Pietro</subfield>
  </datafield>
  <datafield tag="791" ind1="0" ind2="0">
    <subfield code="a">Nicolinis de Sabio, Petrus de</subfield>
    <subfield code="3">IT\ICCU\CNCT\005123</subfield>
    <subfield code="z">Nicolini da Sabbio, Pietro</subfield>
  </datafield>
  <datafield tag="791" ind1="0" ind2="0">
    <subfield code="a">Nicolinis Sabiensis, Petrus de</subfield>
    <subfield code="3">IT\ICCU\CNCT\005124</subfield>
    <subfield code="z">Nicolini da Sabbio, Pietro</subfield>
  </datafield>
  <datafield tag="801" ind1=" " ind2="3">
    <subfield code="a">IT</subfield>
    <subfield code="b">ICCU</subfield>
    <subfield code="c">20201113</subfield>
  </datafield>
  <datafield tag="899" ind1=" " ind2=" ">
    <subfield code="a">Biblioteca estera - Biblioteca Universidad Complutense de Madrid. Madrid</subfield>
    <subfield code="1">AA0002</subfield>
  </datafield>
  <datafield tag="899" ind1=" " ind2=" ">
    <subfield code="a">Biblioteca civica. Tortona</subfield>
    <subfield code="1">AL0100</subfield>
    <subfield code="2">TO0 32</subfield>
  </datafield>
  <datafield tag="899" ind1=" " ind2=" ">
    <subfield code="a">Biblioteca dell&apos;Istituto Campana per l&apos;istruzione permanente. Osimo</subfield>
    <subfield code="1">AN0053</subfield>
    <subfield code="2">URB IC</subfield>
  </datafield>
  <datafield tag="899" ind1=" " ind2=" ">
    <subfield code="a">Biblioteca del comune e dell&apos;Accademia etrusca. Cortona</subfield>
    <subfield code="1">AR0034</subfield>
    <subfield code="2">RT1 QE</subfield>
  </datafield>
  <datafield tag="899" ind1=" " ind2=" ">
    <subfield code="a">Biblioteca civica A. Mai. Bergamo</subfield>
    <subfield code="1">BG0026</subfield>
    <subfield code="2">LO1 02</subfield>
  </datafield>
  <datafield tag="899" ind1=" " ind2=" ">
    <subfield code="a">Biblioteca universitaria. Bologna</subfield>
    <subfield code="z">MUTILO</subfield>
    <subfield code="1">BO0098</subfield>
    <subfield code="2">UBO BU</subfield>
  </datafield>
  <datafield tag="899" ind1=" " ind2=" ">
    <subfield code="a">Biblioteche scientifiche degli Istituti ortopedici Rizzoli. Bologna</subfield>
    <subfield code="1">BO0271</subfield>
    <subfield code="2">ZBO 08</subfield>
  </datafield>
  <datafield tag="899" ind1=" " ind2=" ">
    <subfield code="a">Biblioteca comunale dell&apos;Archiginnasio. Bologna</subfield>
    <subfield code="1">BO0304</subfield>
    <subfield code="2">UBO GA</subfield>
  </datafield>
  <datafield tag="899" ind1=" " ind2=" ">
    <subfield code="a">Biblioteca del Seminario arcivescovile. Bologna</subfield>
    <subfield code="1">BO0552</subfield>
    <subfield code="2">ZBO 66</subfield>
  </datafield>
  <datafield tag="899" ind1=" " ind2=" ">
    <subfield code="a">Biblioteca provinciale Angelo Camillo De Meis. Chieti</subfield>
    <subfield code="z">MUTILO</subfield>
    <subfield code="1">CH0020</subfield>
    <subfield code="2">ABR ME</subfield>
  </datafield>
  <datafield tag="899" ind1=" " ind2=" ">
    <subfield code="a">Biblioteca statale. Cremona</subfield>
    <subfield code="1">CR0062</subfield>
    <subfield code="2">LO1 28</subfield>
  </datafield>
  <datafield tag="899" ind1=" " ind2=" ">
    <subfield code="a">Biblioteca dell&apos;Istituto statale d&apos;arte per la ceramica B. Sturzo. Caltagirone</subfield>
    <subfield code="1">CT0289</subfield>
    <subfield code="2">ZCT 07</subfield>
  </datafield>
  <datafield tag="899" ind1=" " ind2=" ">
    <subfield code="a">Biblioteca comunale Aurelio Saffi. Forl</subfield>
    <subfield code="1">FC0018</subfield>
    <subfield code="2">RAV FO</subfield>
  </datafield>
  <datafield tag="899" ind1=" " ind2=" ">
    <subfield code="a">Biblioteca del Seminario vescovile. Forl</subfield>
    <subfield code="1">FC0021</subfield>
    <subfield code="2">ZFC 02</subfield>
  </datafield>
  <datafield tag="899" ind1=" " ind2=" ">
    <subfield code="a">Biblioteca civica del patrimonio degli studi. Cento</subfield>
    <subfield code="1">FE0004</subfield>
    <subfield code="2">UFE CN</subfield>
  </datafield>
  <datafield tag="899" ind1=" " ind2=" ">
    <subfield code="a">Biblioteca comunale Ariostea. Ferrara</subfield>
    <subfield code="1">FE0017</subfield>
    <subfield code="2">UFE AR</subfield>
  </datafield>
  <datafield tag="899" ind1=" " ind2=" ">
    <subfield code="a">Biblioteca Marucelliana. Firenze</subfield>
    <subfield code="1">FI0101</subfield>
    <subfield code="2">CFI MF</subfield>
  </datafield>
  <datafield tag="899" ind1=" " ind2=" ">
    <subfield code="a">Biblioteca statale del Monumento nazionale di Montecassino. Cassino</subfield>
    <subfield code="1">FR0084</subfield>
    <subfield code="2">RML 25</subfield>
  </datafield>
  <datafield tag="899" ind1=" " ind2=" ">
    <subfield code="a">Biblioteca civica Berio. Genova</subfield>
    <subfield code="1">GE0036</subfield>
    <subfield code="2">SGE BE</subfield>
  </datafield>
  <datafield tag="899" ind1=" " ind2=" ">
    <subfield code="a">Biblioteca civica Francesco Corradi. Sanremo</subfield>
    <subfield code="1">IM0034</subfield>
    <subfield code="2">LI3 BC</subfield>
  </datafield>
  <datafield tag="899" ind1=" " ind2=" ">
    <subfield code="a">Biblioteca statale. Lucca</subfield>
    <subfield code="1">LU0022</subfield>
    <subfield code="2">LUA BL</subfield>
  </datafield>
  <datafield tag="899" ind1=" " ind2=" ">
    <subfield code="a">Biblioteca Diocesana Mons. Giuliano Agresti. Lucca</subfield>
    <subfield code="1">LU0023</subfield>
    <subfield code="2">PBE 86</subfield>
  </datafield>
  <datafield tag="899" ind1=" " ind2=" ">
    <subfield code="a">Biblioteca comunale Mozzi-Borgetti. Macerata</subfield>
    <subfield code="1">MC0049</subfield>
    <subfield code="2">UMC CM</subfield>
  </datafield>
  <datafield tag="899" ind1=" " ind2=" ">
    <subfield code="a">Biblioteca comunale. Sarnano</subfield>
    <subfield code="1">MC0079</subfield>
    <subfield code="2">UMC BS</subfield>
  </datafield>
  <datafield tag="899" ind1=" " ind2=" ">
    <subfield code="a">Biblioteca Ambrosiana. Milano</subfield>
    <subfield code="1">MI0133</subfield>
    <subfield code="2">VBA 01</subfield>
  </datafield>
  <datafield tag="899" ind1=" " ind2=" ">
    <subfield code="a">Biblioteca comunale centrale. Milano</subfield>
    <subfield code="1">MI0162</subfield>
    <subfield code="2">LO1 01</subfield>
  </datafield>
  <datafield tag="899" ind1=" " ind2=" ">
    <subfield code="a">Biblioteca centrale di architettura della Facolt ̉di architettura del Politecnico di Milano. Milano</subfield>
    <subfield code="1">MI0164</subfield>
    <subfield code="2">PMI CA</subfield>
  </datafield>
  <datafield tag="899" ind1=" " ind2=" ">
    <subfield code="a">Biblioteca nazionale Braidense. Milano</subfield>
    <subfield code="1">MI0185</subfield>
    <subfield code="2">MIL NB</subfield>
  </datafield>
  <datafield tag="899" ind1=" " ind2=" ">
    <subfield code="a">Biblioteca comunale Teresiana. Mantova</subfield>
    <subfield code="1">MN0035</subfield>
    <subfield code="2">LO1 12</subfield>
  </datafield>
  <datafield tag="899" ind1=" " ind2=" ">
    <subfield code="a">Biblioteca civica d&apos;arte Luigi Poletti. Modena</subfield>
    <subfield code="1">MO0059</subfield>
    <subfield code="2">MOD PO</subfield>
  </datafield>
  <datafield tag="899" ind1=" " ind2=" ">
    <subfield code="a">Biblioteca del Liceo ginnasio statale Ludovico Antonio Muratori. Modena</subfield>
    <subfield code="1">MO0174</subfield>
    <subfield code="2">MOD MU</subfield>
  </datafield>
  <datafield tag="899" ind1=" " ind2=" ">
    <subfield code="a">Biblioteca universitaria. Napoli</subfield>
    <subfield code="1">NA0070</subfield>
    <subfield code="2">NAP BU</subfield>
  </datafield>
  <datafield tag="899" ind1=" " ind2=" ">
    <subfield code="a">Biblioteca nazionale Vittorio Emanuele III. Napoli</subfield>
    <subfield code="1">NA0079</subfield>
    <subfield code="2">NAP BN</subfield>
  </datafield>
  <datafield tag="899" ind1=" " ind2=" ">
    <subfield code="a">Biblioteca comunale Santa Maria La Nuova. Monreale</subfield>
    <subfield code="1">PA0057</subfield>
    <subfield code="2">PAL 55</subfield>
  </datafield>
  <datafield tag="899" ind1=" " ind2=" ">
    <subfield code="a">Biblioteca del Seminario Vescovile della Facolt ̉Teologica del Triveneto dell&apos;Istituto Filosofico Aloisianum. Padova</subfield>
    <subfield code="1">PD0073</subfield>
    <subfield code="2">PUV 01</subfield>
  </datafield>
  <datafield tag="899" ind1=" " ind2=" ">
    <subfield code="a">Biblioteca civica. Padova</subfield>
    <subfield code="1">PD0090</subfield>
    <subfield code="2">PUV 55</subfield>
  </datafield>
  <datafield tag="899" ind1=" " ind2=" ">
    <subfield code="a">Biblioteca universitaria. Padova</subfield>
    <subfield code="1">PD0158</subfield>
    <subfield code="2">PUV 00</subfield>
  </datafield>
  <datafield tag="899" ind1=" " ind2=" ">
    <subfield code="a">Biblioteca comunale Vittoria Colonna. Pescara</subfield>
    <subfield code="1">PE0046</subfield>
    <subfield code="2">ZPE 05</subfield>
  </datafield>
  <datafield tag="899" ind1=" " ind2=" ">
    <subfield code="a">Biblioteca Genti D&apos;Abruzzo. Pescara</subfield>
    <subfield code="1">PE0066</subfield>
    <subfield code="2">UDA GA</subfield>
  </datafield>
  <datafield tag="899" ind1=" " ind2=" ">
    <subfield code="a">Biblioteca Ludovico Jacobilli del Seminario vescovile. Foligno</subfield>
    <subfield code="1">PG0040</subfield>
    <subfield code="2">UM1 39</subfield>
  </datafield>
  <datafield tag="899" ind1=" " ind2=" ">
    <subfield code="a">Biblioteca comunale Sperelliana. Gubbio</subfield>
    <subfield code="1">PG0049</subfield>
    <subfield code="2">UM1 11</subfield>
  </datafield>
  <datafield tag="899" ind1=" " ind2=" ">
    <subfield code="a">Biblioteca della Fondazione Ranieri di Sorbello. Perugia</subfield>
    <subfield code="1">PG0147</subfield>
    <subfield code="2">UM1 88</subfield>
  </datafield>
  <datafield tag="899" ind1=" " ind2=" ">
    <subfield code="a">Biblioteca Porziuncola. Assisi</subfield>
    <subfield code="1">PG0179</subfield>
    <subfield code="2">UM1 36</subfield>
  </datafield>
  <datafield tag="899" ind1=" " ind2=" ">
    <subfield code="a">Biblioteca universitaria. Pisa</subfield>
    <subfield code="z">MUTILO</subfield>
    <subfield code="1">PI0112</subfield>
    <subfield code="2">PIS R1</subfield>
  </datafield>
  <datafield tag="899" ind1=" " ind2=" ">
    <subfield code="a">Biblioteca Roncioniana - Fondazione Eredit ̉Marco Roncioni (ONLUS). Prato</subfield>
    <subfield code="1">PO0005</subfield>
    <subfield code="2">RT1 EB</subfield>
  </datafield>
  <datafield tag="899" ind1=" " ind2=" ">
    <subfield code="a">Biblioteca Oliveriana. Pesaro</subfield>
    <subfield code="1">PU0061</subfield>
    <subfield code="2">URB OL</subfield>
  </datafield>
  <datafield tag="899" ind1=" " ind2=" ">
    <subfield code="a">Biblioteca della Camera dei deputati. Roma</subfield>
    <subfield code="1">RM0175</subfield>
    <subfield code="2">ZRM 77</subfield>
  </datafield>
  <datafield tag="899" ind1=" " ind2=" ">
    <subfield code="a">Biblioteca nazionale centrale. Roma</subfield>
    <subfield code="1">RM0267</subfield>
    <subfield code="2">BVE CR</subfield>
  </datafield>
  <datafield tag="899" ind1=" " ind2=" ">
    <subfield code="a">Biblioteca romana Antonio Sarti. Roma</subfield>
    <subfield code="1">RM0276</subfield>
    <subfield code="2">ZRM 25</subfield>
  </datafield>
  <datafield tag="899" ind1=" " ind2=" ">
    <subfield code="a">Biblioteca Casanatense. Roma</subfield>
    <subfield code="z">MUTILO</subfield>
    <subfield code="1">RM0313</subfield>
    <subfield code="2">RML 07</subfield>
  </datafield>
  <datafield tag="899" ind1=" " ind2=" ">
    <subfield code="a">Biblioteca statale del Monumento nazionale S. Scolastica. Subiaco</subfield>
    <subfield code="1">RM0602</subfield>
    <subfield code="2">BVE SU</subfield>
  </datafield>
  <datafield tag="899" ind1=" " ind2=" ">
    <subfield code="a">Biblioteca dell&apos;Istituto archeologico germanico. Roma</subfield>
    <subfield code="z">MUTILO</subfield>
    <subfield code="1">RM0676</subfield>
    <subfield code="2">ZRM 76</subfield>
  </datafield>
  <datafield tag="899" ind1=" " ind2=" ">
    <subfield code="a">Biblioteca Hertziana. Roma</subfield>
    <subfield code="1">RM0724</subfield>
    <subfield code="2">ZRM 16</subfield>
  </datafield>
  <datafield tag="899" ind1=" " ind2=" ">
    <subfield code="a">Biblioteca dell&apos;Accademia dei Concordi. Rovigo</subfield>
    <subfield code="1">RO0049</subfield>
    <subfield code="2">ROV AC</subfield>
  </datafield>
  <datafield tag="899" ind1=" " ind2=" ">
    <subfield code="a">Biblioteca provinciale. Salerno</subfield>
    <subfield code="1">SA0063</subfield>
    <subfield code="2">CAM PS</subfield>
  </datafield>
  <datafield tag="899" ind1=" " ind2=" ">
    <subfield code="a">Biblioteca dell&apos;Accademia musicale Chigiana. Siena</subfield>
    <subfield code="1">SI0051</subfield>
    <subfield code="2">RT1 PS</subfield>
  </datafield>
  <datafield tag="899" ind1=" " ind2=" ">
    <subfield code="a">Biblioteca diocesana mons. Alessandro Piazza. Albenga</subfield>
    <subfield code="z">MUTILO</subfield>
    <subfield code="1">SV0226</subfield>
    <subfield code="2">PBE Q8</subfield>
  </datafield>
  <datafield tag="899" ind1=" " ind2=" ">
    <subfield code="a">Biblioteca civica. Atri</subfield>
    <subfield code="z">MUTILO</subfield>
    <subfield code="1">TE0003</subfield>
    <subfield code="2">ABR RB</subfield>
  </datafield>
  <datafield tag="899" ind1=" " ind2=" ">
    <subfield code="a">Biblioteca comunale. Trento</subfield>
    <subfield code="1">TN0121</subfield>
    <subfield code="2">ZTN 01</subfield>
  </datafield>
  <datafield tag="899" ind1=" " ind2=" ">
    <subfield code="a">Biblioteca Storica di Ateneo &quot;Arturo Graf&quot;. Torino</subfield>
    <subfield code="1">TO0529</subfield>
    <subfield code="2">UTO 23</subfield>
  </datafield>
  <datafield tag="899" ind1=" " ind2=" ">
    <subfield code="a">Biblioteca dei Civici musei di storia ed arte. Trieste</subfield>
    <subfield code="1">TS0012</subfield>
    <subfield code="2">TSA V1</subfield>
  </datafield>
  <datafield tag="899" ind1=" " ind2=" ">
    <subfield code="a">Biblioteca civica A. Hortis. Trieste</subfield>
    <subfield code="1">TS0013</subfield>
    <subfield code="2">TSA BC</subfield>
  </datafield>
  <datafield tag="899" ind1=" " ind2=" ">
    <subfield code="a">Biblioteca civica Vincenzo Joppi. Udine</subfield>
    <subfield code="1">UD0106</subfield>
    <subfield code="2">FVG 12</subfield>
  </datafield>
  <datafield tag="899" ind1=" " ind2=" ">
    <subfield code="a">Biblioteca Querini Stampalia. Venezia</subfield>
    <subfield code="1">VE0047</subfield>
    <subfield code="2">VEA QS</subfield>
  </datafield>
  <datafield tag="899" ind1=" " ind2=" ">
    <subfield code="a">Biblioteca nazionale Marciana. Venezia</subfield>
    <subfield code="1">VE0049</subfield>
    <subfield code="2">VEA BM</subfield>
  </datafield>
  <datafield tag="899" ind1=" " ind2=" ">
    <subfield code="a">Biblioteca dell&apos;Archivio provinciale dei frati minori cappuccini. Mestre</subfield>
    <subfield code="1">VE0111</subfield>
    <subfield code="2">ZVE 16</subfield>
  </datafield>
  <datafield tag="899" ind1=" " ind2=" ">
    <subfield code="a">Biblioteca civica Bertoliana. Vicenza</subfield>
    <subfield code="1">VI0096</subfield>
    <subfield code="2">VIA BE</subfield>
  </datafield>
  <datafield tag="899" ind1=" " ind2=" ">
    <subfield code="a">Biblioteca internazionale La Vigna. Vicenza</subfield>
    <subfield code="1">VI0154</subfield>
    <subfield code="2">VIA LV</subfield>
  </datafield>
  <datafield tag="911" ind1=" " ind2=" ">
    <subfield code="a">Sul front.</subfield>
    <subfield code="9">IT\ICCU\CNCM\000102</subfield>
  </datafield>
  <datafield tag="921" ind1=" " ind2=" ">
    <subfield code="a">IT\ICCU\CNCM\000102</subfield>
    <subfield code="b">Carit ̉(donna con bambino in braccio e altri due ai lati). In basso scritta: Charitas</subfield>
    <subfield code="e">Affectus virtute superantur</subfield>
    <subfield code="c">Z206</subfield>
    <subfield code="f">BAMBINI</subfield>
    <subfield code="f">CARITA&apos;</subfield>
    <subfield code="f">CHARITAS</subfield>
    <subfield code="f">DONNA</subfield>
    <subfield code="g">1551-1569</subfield>
  </datafield>
</record>
</collection>
